
@inproceedings{brooke_unsupervised_2012,
	title = {Unsupervised stylistic segmentation of poetry with change curves and extrinsic features},
	url = {http://www.aclweb.org/anthology/W12-25#page=36},
	urldate = {2017-03-11},
	booktitle = {Proceedings of the 1st {NAACL}-{HLT} {Workshop} on {Computational} {Linguistics} for {Literature}. {Association} for {Computational} {Linguistics}, {Stroudsburg}, {PA}, {USA}},
	author = {Brooke, Julian and Hammond, Adam and Hirst, Graeme},
	year = {2012},
	pages = {26--35},
	annote = { Our goal is to see if a general stylistic segmentation system, developed on artificial texts, can be applied successfully to the task of segmenting an actual stylistically diverse poem. The answer is yes. 
 The identification of stylistic inconsistency or heterogeneity has received particular attention as a component of intrinsic plagiarism detection — the task of “identify[ing] potential plagiarism by analyzing a document with respect to undeclared changes in writing style” (Stein et al., 2011). A typical approach is to move a sliding window over the textlooking for areas that are outliers with respect to the style of the rest of the text, or which differ markedlyfrom other regions in word or character-trigram frequencies (Oberreuter et al., 2011; Kestemont et al.,2011). In particular, Stamatatos (2009) used a window that compares, using a special distance function, a character trigram feature vector at various steps throughout the text, creating a style change function whose maxima indicate points of interest (potential plagarism). },
	file = {[PDF] aclweb.org:C\:\\Users\\Milan\\AppData\\Roaming\\Zotero\\Zotero\\Profiles\\0j6egz0b.default\\zotero\\storage\\JZEGWHZ8\\Brooke et al. - 2012 - Unsupervised stylistic segmentation of poetry with.pdf:application/pdf}
}

@article{kuznetsov_methods_2016,
	title = {Methods for intrinsic plagiarism detection and author diarization},
	url = {https://pdfs.semanticscholar.org/1011/6d82a8438c78877a8a142be47c4ee8662138.pdf},
	urldate = {2017-03-12},
	journal = {Working Notes Papers of the CLEF},
	author = {Kuznetsov, Mikhail and Motrenko, Anastasia and Kuznetsova, Rita and Strijov, Vadim},
	year = {2016},
	file = {[PDF] semanticscholar.org:C\:\\Users\\Milan\\AppData\\Roaming\\Zotero\\Zotero\\Profiles\\0j6egz0b.default\\zotero\\storage\\RB8SCQTX\\Kuznetsov et al. - 2016 - Methods for intrinsic plagiarism detection and aut.pdf:application/pdf}
}

@article{sittar_author_2016,
	title = {Author {Diarization} {Using} {Cluster}-{Distance} {Approach}},
	url = {http://ceur-ws.org/Vol-1609/16091000.pdf},
	urldate = {2017-03-12},
	journal = {Working Notes Papers of the CLEF},
	author = {Sittar, Abdul and Iqbal, Hafiz Rizwan and Nawab, A.},
	year = {2016},
	file = {[PDF] ceur-ws.org:C\:\\Users\\Milan\\AppData\\Roaming\\Zotero\\Zotero\\Profiles\\0j6egz0b.default\\zotero\\storage\\2CNNTF4D\\Sittar et al. - 2016 - Author Diarization Using Cluster-Distance Approach.pdf:application/pdf}
}

@inproceedings{brooke_clustering_2013,
	title = {Clustering voices in the {Waste} {Land}},
	url = {http://anthology.aclweb.org/W/W13/W13-1406.pdf},
	urldate = {2017-03-13},
	booktitle = {Proceedings of the 2nd {Workshop} on {Computational} {Literature} for {Literature} ({CLFL}’13), {Atlanta}},
	author = {Brooke, Julian and Hirst, Graeme and Hammond, Adam},
	year = {2013},
	file = {[PDF] aclweb.org:C\:\\Users\\Milan\\AppData\\Roaming\\Zotero\\Zotero\\Profiles\\0j6egz0b.default\\zotero\\storage\\68E867FQ\\Brooke et al. - 2013 - Clustering voices in the Waste Land.pdf:application/pdf}
}

@inproceedings{shi_semi-markov_2007,
	title = {Semi-{Markov} {Models} for {Sequence} {Segmentation}.},
	url = {https://www.aclweb.org/anthology/D/D07/D07-1.pdf#page=674},
	urldate = {2017-03-13},
	booktitle = {{EMNLP}-{CoNLL}},
	author = {Shi, Qinfeng and Altun, Yasemin and Smola, Alexander J. and Vishwanathan, S. V. N.},
	year = {2007},
	pages = {640--648},
	file = {[PDF] aclweb.org:C\:\\Users\\Milan\\AppData\\Roaming\\Zotero\\Zotero\\Profiles\\0j6egz0b.default\\zotero\\storage\\UJDRT2JN\\Shi et al. - 2007 - Semi-Markov Models for Sequence Segmentation..pdf:application/pdf}
}

@inproceedings{cocco_segmentation_2011,
	title = {Segmentation and {Clustering} of {Textual} {Sequences}: a {Typological} {Approach}.},
	shorttitle = {Segmentation and {Clustering} of {Textual} {Sequences}},
	url = {http://www.aclweb.org/anthology/R/R11/R11-1.pdf#page=461},
	urldate = {2017-03-13},
	booktitle = {{RANLP}},
	author = {Cocco, Christelle and Pittier, Raphaël and Bavaud, François and Xanthos, Aris},
	year = {2011},
	pages = {427--433},
	annote = {
 },
	file = {[PDF] aclweb.org:C\:\\Users\\Milan\\AppData\\Roaming\\Zotero\\Zotero\\Profiles\\0j6egz0b.default\\zotero\\storage\\E8Q4FQ36\\Cocco et al. - 2011 - Segmentation and Clustering of Textual Sequences .pdf:application/pdf}
}

@article{ding_learning_2016,
	title = {Learning {Stylometric} {Representations} for {Authorship} {Analysis}},
	url = {https://arxiv.org/abs/1606.01219},
	urldate = {2017-03-15},
	journal = {arXiv preprint arXiv:1606.01219},
	author = {Ding, Steven HH and Fung, Benjamin and Iqbal, Farkhund and Cheung, William K.},
	year = {2016},
	file = {[PDF] arxiv.org:C\:\\Users\\Milan\\AppData\\Roaming\\Zotero\\Zotero\\Profiles\\0j6egz0b.default\\zotero\\storage\\VD63VA2Z\\Ding et al. - 2016 - Learning Stylometric Representations for Authorshi.pdf:application/pdf;Snapshot:C\:\\Users\\Milan\\AppData\\Roaming\\Zotero\\Zotero\\Profiles\\0j6egz0b.default\\zotero\\storage\\CI9KTHZ4\\1606.html:text/html}
}

@inproceedings{rosso_overview_2016,
	title = {Overview of {PAN}’16},
	url = {http://link.springer.com/chapter/10.1007/978-3-319-44564-9_28},
	urldate = {2017-03-16},
	booktitle = {International {Conference} of the {Cross}-{Language} {Evaluation} {Forum} for {European} {Languages}},
	publisher = {Springer},
	author = {Rosso, Paolo and Rangel, Francisco and Potthast, Martin and Stamatatos, Efstathios and Tschuggnall, Michael and Stein, Benno},
	year = {2016},
	pages = {332--350},
	file = {Snapshot:C\:\\Users\\Milan\\AppData\\Roaming\\Zotero\\Zotero\\Profiles\\0j6egz0b.default\\zotero\\storage\\XJJFUNID\\978-3-319-44564-9_28.html:text/html;stein_2016i.pdf:C\:\\Users\\Milan\\AppData\\Roaming\\Zotero\\Zotero\\Profiles\\0j6egz0b.default\\zotero\\storage\\ZH4DEQEG\\stein_2016i.pdf:application/pdf}
}

@article{stamatatos_intrinsic_2009,
	title = {Intrinsic plagiarism detection using character n-gram profiles},
	volume = {2},
	url = {http://ceur-ws.org/Vol-502/paper8.pdf},
	number = {1,500},
	urldate = {2017-03-16},
	journal = {threshold},
	author = {Stamatatos, Efstathios},
	year = {2009},
	file = {[PDF] ceur-ws.org:C\:\\Users\\Milan\\AppData\\Roaming\\Zotero\\Zotero\\Profiles\\0j6egz0b.default\\zotero\\storage\\W4XD5VBM\\Stamatatos - 2009 - Intrinsic plagiarism detection using character n-g.pdf:application/pdf}
}

@inproceedings{brooke_paragraph_2012,
	title = {Paragraph {Clustering} for {Intrinsic} {Plagiarism} {Detection} using a {Stylistic} {Vector} {Space} {Model} with {Extrinsic} {Features}.},
	url = {ftp://ftp.cs.utoronto.ca/public_html/cs/ftp/public_html/dist/gh/Brooke+Hirst-PAN-2012.pdf},
	urldate = {2017-03-19},
	booktitle = {{CLEF} ({Online} {Working} {Notes}/{Labs}/{Workshop})},
	author = {Brooke, Julian and Hirst, Graeme},
	year = {2012},
	file = {Brooke+Hirst-PAN-2012.pdf:C\:\\Users\\Milan\\AppData\\Roaming\\Zotero\\Zotero\\Profiles\\0j6egz0b.default\\zotero\\storage\\WGEEM574\\Brooke+Hirst-PAN-2012.pdf:application/pdf}
}

@inproceedings{koppel_unsupervised_2011,
	title = {Unsupervised decomposition of a document into authorial components},
	url = {http://delivery.acm.org/10.1145/2010000/2002640/p1356-koppel.pdf?ip=161.53.120.253&id=2002640&acc=OPEN&key=4D4702B0C3E38B35%2E4D4702B0C3E38B35%2E4D4702B0C3E38B35%2E6D218144511F3437&CFID=916658237&CFTOKEN=86101225&__acm__=1490618942_421fd8fcc0191df6b1a214b5a017b334},
	urldate = {2017-03-27},
	booktitle = {Proceedings of the 49th {Annual} {Meeting} of the {Association} for {Computational} {Linguistics}: {Human} {Language} {Technologies}-{Volume} 1},
	publisher = {Association for Computational Linguistics},
	author = {Koppel, Moshe and Akiva, Navot and Dershowitz, Idan and Dershowitz, Nachum},
	year = {2011},
	pages = {1356--1364},
	file = {Koppel et al. 2011. - Unsupervised Decomposition of a Document into Authorial Components.pdf:C\:\\Users\\Milan\\AppData\\Roaming\\Zotero\\Zotero\\Profiles\\0j6egz0b.default\\zotero\\storage\\Q6BGUHAG\\Koppel et al. 2011. - Unsupervised Decomposition of a Document into Authorial Components.pdf:application/pdf;Snapshot:C\:\\Users\\Milan\\AppData\\Roaming\\Zotero\\Zotero\\Profiles\\0j6egz0b.default\\zotero\\storage\\6AQ9U3UN\\citation.html:text/html}
}

@inproceedings{rahman_information_2015,
	title = {Information {Theoretical} and {Statistical} {Features} for {Intrinsic} {Plagiarism} {Detection}},
	url = {http://www.aclweb.org/anthology/W/W15/W15-46.pdf#page=164},
	urldate = {2017-03-27},
	booktitle = {16th {Annual} {Meeting} of the {Special} {Interest} {Group} on {Discourse} and {Dialogue}},
	author = {Rahman, Rashedur},
	year = {2015},
	pages = {144},
	file = {[PDF] aclweb.org:C\:\\Users\\Milan\\AppData\\Roaming\\Zotero\\Zotero\\Profiles\\0j6egz0b.default\\zotero\\storage\\QQSJZRVR\\Rahman - 2015 - Information Theoretical and Statistical Features f.pdf:application/pdf}
}

@article{stein_intrinsic_2011,
	title = {Intrinsic plagiarism analysis},
	volume = {45},
	url = {http://link.springer.com/article/10.1007/s10579-010-9115-y},
	number = {1},
	urldate = {2017-03-29},
	journal = {Language Resources and Evaluation},
	author = {Stein, Benno and Lipka, Nedim and Prettenhofer, Peter},
	year = {2011},
	pages = {63--82},
	file = {[PDF] semanticscholar.org:C\:\\Users\\Milan\\AppData\\Roaming\\Zotero\\Zotero\\Profiles\\0j6egz0b.default\\zotero\\storage\\9FPNWJUD\\Stein et al. - 2011 - Intrinsic plagiarism analysis.pdf:application/pdf;Snapshot:C\:\\Users\\Milan\\AppData\\Roaming\\Zotero\\Zotero\\Profiles\\0j6egz0b.default\\zotero\\storage\\SR568NGS\\s10579-010-9115-y.html:text/html}
}

@inproceedings{zu_eissen_intrinsic_2006,
	title = {Intrinsic plagiarism detection},
	url = {http://link.springer.com/10.1007%2F11735106_66},
	urldate = {2017-03-31},
	booktitle = {European {Conference} on {Information} {Retrieval}},
	publisher = {Springer},
	author = {Zu Eissen, Sven Meyer and Stein, Benno},
	year = {2006},
	pages = {565--569},
	file = {[PDF] inaoep.mx:C\:\\Users\\Milan\\AppData\\Roaming\\Zotero\\Zotero\\Profiles\\0j6egz0b.default\\zotero\\storage\\GSPBG6B4\\Zu Eissen and Stein - 2006 - Intrinsic plagiarism detection.pdf:application/pdf;Snapshot:C\:\\Users\\Milan\\AppData\\Roaming\\Zotero\\Zotero\\Profiles\\0j6egz0b.default\\zotero\\storage\\KJNF2UJK\\10.html:text/html}
}

@article{meuschke_state---art_2013,
	title = {State-of-the-art in detecting academic plagiarism},
	volume = {9},
	url = {http://ojs.unisa.edu.au/index.php/IJEI/article/view/847},
	number = {1},
	urldate = {2017-03-31},
	journal = {International Journal for Educational Integrity},
	author = {Meuschke, Norman and Gipp, Bela},
	year = {2013},
	file = {[PDF] unisa.edu.au:C\:\\Users\\Milan\\AppData\\Roaming\\Zotero\\Zotero\\Profiles\\0j6egz0b.default\\zotero\\storage\\B9UX26P5\\Meuschke and Gipp - 2013 - State-of-the-art in detecting academic plagiarism.pdf:application/pdf;Snapshot:C\:\\Users\\Milan\\AppData\\Roaming\\Zotero\\Zotero\\Profiles\\0j6egz0b.default\\zotero\\storage\\SJAT9IQF\\847.html:text/html}
}

@article{aldebei_unsupervised_2015,
	title = {Unsupervised {Decomposition} of a {Multi}-{Author} {Document} {Based} on {Naive}-{Bayesian} {Model}},
	journal = {Proceedings of the 53rd Annual Meeting of the Association for Computational Linguistics and the 7th International Joint Conference on Natural Language Processing (Short Papers)},
	author = {Aldebei, Khaled and He, Xiangjian and Yang, Jie},
	year = {2015},
	pages = {501--505},
	file = {[PDF] aclweb.org:C\:\\Users\\Milan\\AppData\\Roaming\\Zotero\\Zotero\\Profiles\\0j6egz0b.default\\zotero\\storage\\ZX9QXE68\\He et al. - Unsupervised Decomposition of a Multi-Author Docum.pdf:application/pdf}
}

@article{giannella_improved_2016,
	title = {An improved algorithm for unsupervised decomposition of a multi-author document},
	volume = {67},
	issn = {2330-1643},
	url = {http://onlinelibrary.wiley.com/doi/10.1002/asi.23375/abstract},
	doi = {10.1002/asi.23375},
	abstract = {This article addresses the problem of unsupervised decomposition of a multi-author text document: identifying the sentences written by each author assuming the number of authors is unknown. An approach, BayesAD, is developed for solving this problem: apply a Bayesian segmentation algorithm, followed by a segment clustering algorithm. Results are presented from an empirical comparison between BayesAD and AK, a modified version of an approach published by Akiva and Koppel in 2013. BayesAD exhibited greater accuracy than AK in all experiments. However, BayesAD has a parameter that needs to be set and which had a nontrivial impact on accuracy. Developing an effective method for eliminating this need would be a fruitful direction for future work. When controlling for topic, the accuracy levels of BayesAD and AK were, in all but one case, worse than a baseline approach wherein one author was assumed to write all sentences in the input text document. Hence, room for improved solutions exists.},
	language = {en},
	number = {2},
	urldate = {2017-04-19},
	journal = {Journal of the Association for Information Science and Technology},
	author = {Giannella, Chris},
	month = feb,
	year = {2016},
	keywords = {machine learning, natural language processing},
	pages = {400--411},
	file = {Full Text PDF:C\:\\Users\\Milan\\AppData\\Roaming\\Zotero\\Zotero\\Profiles\\0j6egz0b.default\\zotero\\storage\\9IAU42AZ\\Giannella - 2016 - An improved algorithm for unsupervised decompositi.pdf:application/pdf;Snapshot:C\:\\Users\\Milan\\AppData\\Roaming\\Zotero\\Zotero\\Profiles\\0j6egz0b.default\\zotero\\storage\\MTXPFU7S\\abstract.html:text/html}
}

@inproceedings{aldebei_unsupervised_2016,
	title = {Unsupervised {Multi}-{Author} {Document} {Decomposition} {Based} on {Hidden} {Markov} {Model}},
	url = {https://pdfs.semanticscholar.org/1910/73e136ed9e6e0c7cd634645574e272bfa020.pdf},
	urldate = {2017-04-21},
	booktitle = {The 54th {Annual} {Meeting} of the {Association} for {Computational} {Linguistics}},
	publisher = {Association for Computational Linguistics},
	author = {Aldebei, Khaled and He, Xiangjian and Jia, Wenjing and Yang, Jie},
	year = {2016},
	file = {[PDF] semanticscholar.org:C\:\\Users\\Milan\\AppData\\Roaming\\Zotero\\Zotero\\Profiles\\0j6egz0b.default\\zotero\\storage\\N4RWRTHT\\Aldebei et al. - 2016 - Unsupervised Multi-Author Document Decomposition B.pdf:application/pdf}
}