
@article{stein-2011,
	title={Intrinsic plagiarism analysis},
	author={Stein, Benno and Lipka, Nedim and Prettenhofer, Peter},
	journal={Language Resources and Evaluation},
	volume={45},
	number={1},
	pages={63--82},
	year={2011},
	publisher={Springer}
}

@article{layton-2013,
	title={Automated unsupervised authorship analysis using evidence accumulation clustering},
	author={Layton, Robert and Watters, Paul and Dazeley, Richard},
	journal={Natural Language Engineering},
	volume={19},
	number={01},
	pages={95--120},
	year={2013},
	publisher={Cambridge Univ Press}
}

@article{koppel-2009,
	title={Computational methods in authorship attribution},
	author={Koppel, Moshe and Schler, Jonathan and Argamon, Shlomo},
	journal={Journal of the American Society for information Science and Technology},
	volume={60},
	number={1},
	pages={9--26},
	year={2009},
	publisher={Wiley Online Library}
}

@article{stamatatos-2009a,
	title={A survey of modern authorship attribution methods},
	author={Stamatatos, Efstathios},
	journal={Journal of the American Society for information Science and Technology},
	volume={60},
	number={3},
	pages={538--556},
	year={2009},
	publisher={Wiley Online Library}
}

@article{ding-2016,
	title={Learning Stylometric Representations for Authorship Analysis},
	author={Ding, Steven HH and Fung, Benjamin and Iqbal, Farkhund and Cheung, William K},
	journal={arXiv preprint arXiv:1606.01219},
	year={2016}
}

@inproceedings{rosso-2016,
	title={Overview of PANâ€™16},
	author={Rosso, Paolo and Rangel, Francisco and Potthast, Martin and Stamatatos, Efstathios and Tschuggnall, Michael and Stein, Benno},
	booktitle={International Conference of the Cross-Language Evaluation Forum for European Languages},
	pages={332--350},
	year={2016},
	organization={Springer}
}

@article{he2unsupervised,
	title={Unsupervised Decomposition of a Multi-Author Document Based on Naive-Bayesian Model},
	author={He, Khaled Aldebei Xiangjian and Yang, Jie and Intelligence, Machine},
	journal={Volume 2: Short Papers},
	pages={501}
}

@article{aldebei-2015,
	title = {Unsupervised {Decomposition} of a {Multi}-{Author} {Document} {Based} on {Naive}-{Bayesian} {Model}},
	journal = {Proceedings of the 53rd Annual Meeting of the Association for Computational Linguistics and the 7th International Joint Conference on Natural Language Processing (Short Papers)},
	author = {Aldebei, Khaled and He, Xiangjian and Yang, Jie},
	year = {2015},
	pages = {501--505}
}

@inproceedings{koppel-2011,
	title = {Unsupervised decomposition of a document into authorial components},
	booktitle = {Proceedings of the 49th {Annual} {Meeting} of the {Association} for {Computational} {Linguistics}: {Human} {Language} {Technologies}-{Volume} 1},
	publisher = {Association for Computational Linguistics},
	author = {Koppel, Moshe and Akiva, Navot and Dershowitz, Idan and Dershowitz, Nachum},
	year = {2011},
	pages = {1356--1364}
}

@inproceedings{potthast-2013,
	title={Crowdsourcing Interaction Logs to Understand Text Reuse from the Web.},
	author={Potthast, Martin and Hagen, Matthias and V{\"o}lske, Michael and Stein, Benno},
	booktitle={ACL (1)},
	pages={1212--1221},
	year={2013}
}